

@article{lin2019crank,
  title={Crank up the volume: preference bias amplification in collaborative recommendation},
  author={Lin, Kun and Sonboli, Nasim and Mobasher, Bamshad and Burke, Robin},
  journal={arXiv preprint arXiv:1909.06362},
  year={2019}
}

@inproceedings{nguyen2014exploring,
  title={Exploring the filter bubble: the effect of using recommender systems on content diversity},
  author={Nguyen, Tien T and Hui, Pik-Mai and Harper, F Maxwell and Terveen, Loren and Konstan, Joseph A},
  booktitle={Proceedings of the 23rd international conference on World wide web},
  pages={677--686},
  year={2014}
}

@article{abdollahpouri2019impact,
  title={The impact of popularity bias on fairness and calibration in recommendation},
  author={Abdollahpouri, Himan and Mansoury, Masoud and Burke, Robin and Mobasher, Bamshad},
  journal={arXiv preprint arXiv:1910.05755},
  year={2019}
}
@article{kunaver2017diversity,
  title={Diversity in recommender systems--A survey},
  author={Kunaver, Matev{\v{z}} and Po{\v{z}}rl, Toma{\v{z}}},
  journal={Knowledge-Based Systems},
  volume={123},
  pages={154--162},
  year={2017},
  publisher={Elsevier}
}

@inproceedings{kuhlman2019fare,
  title={FARE: Diagnostics for Fair Ranking using Pairwise Error Metrics},
  author={Kuhlman, Caitlin and VanValkenburg, MaryAnn and Rundensteiner, Elke},
  booktitle={The World Wide Web Conference},
  pages={2936--2942},
  year={2019}
}
@article{calders2010three,
  title={Three naive Bayes approaches for discrimination-free classification},
  author={Calders, Toon and Verwer, Sicco},
  journal={Data Mining and Knowledge Discovery},
  volume={21},
  number={2},
  pages={277--292},
  year={2010},
  publisher={Springer}
}
@article{crowson2016assessing,
  title={Assessing calibration of prognostic risk scores},
  author={Crowson, Cynthia S and Atkinson, Elizabeth J and Therneau, Terry M},
  journal={Statistical methods in medical research},
  volume={25},
  number={4},
  pages={1692--1706},
  year={2016},
  publisher={SAGE Publications Sage UK: London, England}
}

@inproceedings{liu2019personalized,
  title={Personalized fairness-aware re-ranking for microlending},
  author={Liu, Weiwen and Guo, Jun and Sonboli, Nasim and Burke, Robin and Zhang, Shengyu},
  booktitle={Proceedings of the 13th ACM Conference on Recommender Systems},
  pages={467--471},
  year={2019}
}
@inproceedings{beutel2019fairness,
  title={Fairness in recommendation ranking through pairwise comparisons},
  author={Beutel, Alex and Chen, Jilin and Doshi, Tulsee and Qian, Hai and Wei, Li and Wu, Yi and Heldt, Lukasz and Zhao, Zhe and Hong, Lichan and Chi, Ed H and others},
  booktitle={Proceedings of the 25th ACM SIGKDD International Conference on Knowledge Discovery \& Data Mining},
  pages={2212--2220},
  year={2019}
}

@inproceedings{ekstrand2018all,
  title={All the cool kids, how do they fit in?: Popularity and demographic biases in recommender evaluation and effectiveness},
  author={Ekstrand, Michael D and Tian, Mucun and Azpiazu, Ion Madrazo and Ekstrand, Jennifer D and Anuyah, Oghenemaro and McNeill, David and Pera, Maria Soledad},
  booktitle={Conference on Fairness, Accountability and Transparency},
  pages={172--186},
  year={2018}
}

@article{yin2012challenging,
  title={Challenging the long tail recommendation},
  author={Yin, Hongzhi and Cui, Bin and Li, Jing and Yao, Junjie and Chen, Chen},
  journal={arXiv preprint arXiv:1205.6700},
  year={2012}
}

@article{shannon1951prediction,
  title={Prediction and entropy of printed English},
  author={Shannon, Claude E},
  journal={Bell system technical journal},
  volume={30},
  number={1},
  pages={50--64},
  year={1951},
  publisher={Wiley Online Library}
}

@article{mansoury2019bias,
  title={Bias disparity in collaborative recommendation: Algorithmic evaluation and comparison},
  author={Mansoury, Masoud and Mobasher, Bamshad and Burke, Robin and Pechenizkiy, Mykola},
  journal={arXiv preprint arXiv:1908.00831},
  year={2019}
}

@book{kullback1997information,
  title={Information theory and statistics},
  author={Kullback, Solomon},
  year={1997},
  publisher={Courier Corporation}
}

@inproceedings{10.1145/3351095.3375670,
author = {Burke, Robin Douglas and Mansoury, Masoud and Sonboli, Nasim},
title = {Experimentation with Fairness-Aware Recommendation Using Librec-Auto: Hands-on Tutorial},
year = {2020},
isbn = {9781450369367},
publisher = {Association for Computing Machinery},
address = {New York, NY, USA},
url = {https://dl.acm.org/doi/abs/10.1145/3351095.3375670},
doi = {10.1145/3351095.3375670},
booktitle = {Proceedings of the 2020 Conference on Fairness, Accountability, and Transparency},
pages = {700},
numpages = {1},
keywords = {fairness, software, evaluation, recommender systems},
location = {Barcelona, Spain},
series = {FAT* â€™20}
}

@book{friedman2001elements,
  title={The elements of statistical learning},
  author={Friedman, Jerome and Hastie, Trevor and Tibshirani, Robert},
  volume={1},
  number={10},
  year={2001},
  publisher={Springer series in statistics New York}
}

@inproceedings{jannach2013recommenders,
  title={What recommenders recommend--an analysis of accuracy, popularity, and sales diversity effects},
  author={Jannach, Dietmar and Lerche, Lukas and Gedikli, Fatih and Bonnin, Geoffray},
  booktitle={International conference on user modeling, adaptation, and personalization},
  pages={25--37},
  year={2013},
  organization={Springer}
}


@inproceedings{eskandanian2019power,
  title={Power of the Few: Analyzing the Impact of Influential Users in Collaborative Recommender Systems},
  author={Eskandanian, Farzad and Sonboli, Nasim and Mobasher, Bamshad},
  booktitle={Proceedings of the 27th ACM Conference on User Modeling, Adaptation and Personalization},
  pages={225--233},
  year={2019}
}

@article{mansoury2020investigating,
  title={Investigating Potential Factors Associated with Gender Discrimination in Collaborative Recommender Systems},
  author={Mansoury, Masoud and Abdollahpouri, Himan and Smith, Jessie and Dehpanah, Arman and Pechenizkiy, Mykola and Mobasher, Bamshad},
  journal={arXiv preprint arXiv:2002.07786},
  year={2020}
}

@inproceedings{ziegler2005improving,
  title={Improving recommendation lists through topic diversification},
  author={Ziegler, Cai-Nicolas and McNee, Sean M and Konstan, Joseph A and Lausen, Georg},
  booktitle={Proceedings of the 14th international conference on World Wide Web},
  pages={22--32},
  year={2005}
}

@inproceedings{eskandanian2016user,
  title={User Segmentation for Controlling Recommendation Diversity.},
  author={Eskandanian, Farzad and Mobasher, Bamshad and Burke, Robin D},
  booktitle={RecSys Posters},
  year={2016}
}

@inproceedings{pleiss2017fairness,
  title={On fairness and calibration},
  author={Pleiss, Geoff and Raghavan, Manish and Wu, Felix and Kleinberg, Jon and Weinberger, Kilian Q},
  booktitle={Advances in Neural Information Processing Systems},
  pages={5680--5689},
  year={2017}
}
@article{brynjolfsson2006niches,
  title={From niches to riches: Anatomy of the long tail},
  author={Brynjolfsson, Erik and Hu, Yu Jeffrey and Smith, Michael D},
  journal={Sloan Management Review},
  volume={47},
  number={4},
  pages={67--71},
  year={2006}
}
