% Journals

% First the Full Name is given, then the abbreviation used in the AMS Math
% Reviews, with an indication if it could not be found there.
% Note the 2nd overwrites the 1st, so swap them if you want the full name.

 %{AMS}
 @String{AMSTrans = "American Mathematical Society Translations" }
 @String{AMSTrans = "Amer. Math. Soc. Transl." }
 @String{BullAMS = "Bulletin of the American Mathematical Society" }
 @String{BullAMS = "Bull. Amer. Math. Soc." }
 @String{ProcAMS = "Proceedings of the American Mathematical Society" }
 @String{ProcAMS = "Proc. Amer. Math. Soc." }
 @String{TransAMS = "Transactions of the American Mathematical Society" }
 @String{TransAMS = "Trans. Amer. Math. Soc." }

 %ACM
 @String{CACM = "Communications of the {ACM}" }
 @String{CACM = "Commun. {ACM}" }
 @String{CompServ = "Comput. Surveys" }
 @String{JACM = "J. ACM" }
 @String{ACMMathSoft = "{ACM} Transactions on Mathematical Software" }
 @String{ACMMathSoft = "{ACM} Trans. Math. Software" }
 @String{SIGNUM = "{ACM} {SIGNUM} Newsletter" }
 @String{SIGNUM = "{ACM} {SIGNUM} Newslett." }

 @String{AmerSocio = "American Journal of Sociology" }
 @String{AmerStatAssoc = "Journal of the American Statistical Association" }
 @String{AmerStatAssoc = "J. Amer. Statist. Assoc." }
 @String{ApplMathComp = "Applied Mathematics and Computation" }
 @String{ApplMathComp = "Appl. Math. Comput." }
 @String{AmerMathMonthly = "American Mathematical Monthly" }
 @String{AmerMathMonthly = "Amer. Math. Monthly" }
 @String{BIT = "{BIT}" }
 @String{BritStatPsych = "British Journal of Mathematical and Statistical
          Psychology" }
 @String{BritStatPsych = "Brit. J. Math. Statist. Psych." }
 @String{CanMathBull = "Canadian Mathematical Bulletin" }
 @String{CanMathBull = "Canad. Math. Bull." }
 @String{CompApplMath = "Journal of Computational and Applied Mathematics" }
 @String{CompApplMath = "J. Comput. Appl. Math." }
 @String{CompPhys = "Journal of Computational Physics" }
 @String{CompPhys = "J. Comput. Phys." }
 @String{CompStruct = "Computers and Structures" }
 @String{CompStruct = "Comput. \& Structures" }
 @String{CompJour = "The Computer Journal" }
 @String{CompJour = "Comput. J." }
 @String{CompSysSci = "Journal of Computer and System Sciences" }
 @String{CompSysSci = "J. Comput. System Sci." }
 @String{Computing = "Computing" }
 @String{ContempMath = "Contemporary Mathematics" }
 @String{ContempMath = "Contemp. Math." }
 @String{Crelle = "Crelle's Journal" }
 @String{GiornaleMath = "Giornale di Mathematiche" }
 @String{GiornaleMath = "Giorn. Mat." } % didn't find in AMS MR., ibid.

 %IEEE
 @String{Computer = "{IEEE} Computer" }
 @String{IEEETransComp = "{IEEE} Transactions on Computers" }
 @String{IEEETransComp = "{IEEE} Trans. Comput." }
 @String{IEEETransAC = "{IEEE} Transactions on Automatic Control" }
 @String{IEEETransAC = "{IEEE} Trans. Automat. Control" }
 @String{IEEESpec = "{IEEE} Spectrum" } % didn't find in AMS MR
 @String{ProcIEEE = "Proceedings of the {IEEE}" }
 @String{ProcIEEE = "Proc. {IEEE}" } % didn't find in AMS MR
 @String{IEEETransAeroElec = "{IEEE} Transactions on Aerospace and Electronic
     Systems" }
 @String{IEEETransAeroElec = "{IEEE} Trans. Aerospace Electron. Systems" }

 @String{IMANumerAna = "{IMA} Journal of Numerical Analysis" }
 @String{IMANumerAna = "{IMA} J. Numer. Anal." }
 @String{InfProcLet = "Information Processing Letters" }
 @String{InfProcLet = "Inform. Process. Lett." }
 @String{InstMathApp = "Journal of the Institute of Mathematics and
     its Applications" }
 @String{InstMathApp = "J. Inst. Math. Appl." }
 @String{IntControl = "International Journal of Control" }
 @String{IntControl = "Internat. J. Control" }
 @String{IntNumerEng = "International Journal for Numerical Methods in
     Engineering" }
 @String{IntNumerEng = "Internat. J. Numer. Methods Engrg." }
 @String{IntSuper = "International Journal of Supercomputing Applications" }
 @String{IntSuper = "Internat. J. Supercomputing Applic." } % didn't find
%% in AMS MR
 @String{Kibernetika = "Kibernetika" }
 @String{JResNatBurStand = "Journal of Research of the National Bureau
     of Standards" }
 @String{JResNatBurStand = "J. Res. Nat. Bur. Standards" }
 @String{LinAlgApp = "Linear Algebra and its Applications" }
 @String{LinAlgApp = "Linear Algebra Appl." }
 @String{MathAnaAppl = "Journal of Mathematical Analysis and Applications" }
 @String{MathAnaAppl = "J. Math. Anal. Appl." }
 @String{MathAnnalen = "Mathematische Annalen" }
 @String{MathAnnalen = "Math. Ann." }
 @String{MathPhys = "Journal of Mathematical Physics" }
 @String{MathPhys = "J. Math. Phys." }
 @String{MathComp = "Mathematics of Computation" }
 @String{MathComp = "Math. Comp." }
 @String{MathScand = "Mathematica Scandinavica" }
 @String{MathScand = "Math. Scand." }
 @String{TablesAidsComp = "Mathematical Tables and Other Aids to Computation" }
 @String{TablesAidsComp = "Math. Tables Aids Comput." }
 @String{NumerMath = "Numerische Mathematik" }
 @String{NumerMath = "Numer. Math." }
 @String{PacificMath = "Pacific Journal of Mathematics" }
 @String{PacificMath = "Pacific J. Math." }
 @String{ParDistComp = "Journal of Parallel and Distributed Computing" }
 @String{ParDistComp = "J. Parallel and Distrib. Comput." } % didn't find
%% in AMS MR
 @String{ParComputing = "Parallel Computing" }
 @String{ParComputing = "Parallel Comput." }
 @String{PhilMag = "Philosophical Magazine" }
 @String{PhilMag = "Philos. Mag." }
 @String{ProcNAS = "Proceedings of the National Academy of Sciences
                    of the USA" }
 @String{ProcNAS = "Proc. Nat. Acad. Sci. U. S. A." }
 @String{Psychometrika = "Psychometrika" }
 @String{QuartMath = "Quarterly Journal of Mathematics, Oxford, Series (2)" }
 @String{QuartMath = "Quart. J. Math. Oxford Ser. (2)" }
 @String{QuartApplMath = "Quarterly of Applied Mathematics" }
 @String{QuartApplMath = "Quart. Appl. Math." }
 @String{RevueInstStat = "Review of the International Statisical Institute" }
 @String{RevueInstStat = "Rev. Inst. Internat. Statist." }

 %SIAM
 @String{JSIAM = "Journal of the Society for Industrial and Applied
     Mathematics" }
 @String{JSIAM = "J. Soc. Indust. Appl. Math." }
 @String{JSIAMB = "Journal of the Society for Industrial and Applied
     Mathematics, Series B, Numerical Analysis" }
 @String{JSIAMB = "J. Soc. Indust. Appl. Math. Ser. B Numer. Anal." }
 @String{SIAMAlgMeth = "{SIAM} Journal on Algebraic and Discrete Methods" }
 @String{SIAMAlgMeth = "{SIAM} J. Algebraic Discrete Methods" }
 @String{SIAMAppMath = "{SIAM} Journal on Applied Mathematics" }
 @String{SIAMAppMath = "{SIAM} J. Appl. Math." }
 @String{SIAMComp = "{SIAM} Journal on Computing" }
 @String{SIAMComp = "{SIAM} J. Comput." }
 @String{SIAMMatrix = "{SIAM} Journal on Matrix Analysis and Applications" }
 @String{SIAMMatrix = "{SIAM} J. Matrix Anal. Appl." }
 @String{SIAMNumAnal = "{SIAM} Journal on Numerical Analysis" }
 @String{SIAMNumAnal = "{SIAM} J. Numer. Anal." }
 @String{SIAMReview = "{SIAM} Review" }
 @String{SIAMReview = "{SIAM} Rev." }
 @String{SIAMSciStat = "{SIAM} Journal on Scientific and Statistical
     Computing" }
 @String{SIAMSciStat = "{SIAM} J. Sci. Statist. Comput." }

 @String{SoftPracExp = "Software Practice and Experience" }
 @String{SoftPracExp = "Software Prac. Experience" } % didn't find in AMS MR
 @String{StatScience = "Statistical Science" }
 @String{StatScience = "Statist. Sci." }
 @String{Techno = "Technometrics" }
 @String{USSRCompMathPhys = "{USSR} Computational Mathematics and Mathematical
     Physics" }
 @String{USSRCompMathPhys = "{U. S. S. R.} Comput. Math. and Math. Phys." }
 @String{VLSICompSys = "Journal of {VLSI} and Computer Systems" }
 @String{VLSICompSys = "J. {VLSI} Comput. Syst." }
 @String{ZAngewMathMech = "Zeitschrift fur Angewandte Mathematik und
     Mechanik" }
 @String{ZAngewMathMech = "Z. Angew. Math. Mech." }
 @String{ZAngewMathPhys = "Zeitschrift fur Angewandte Mathematik und Physik" }
 @String{ZAngewMathPhys = "Z. Angew. Math. Phys." }

% Publishers % ================================================= |

 @String{Academic = "Academic Press" }
 @String{ACMPress = "{ACM} Press" }
 @String{AdamHilger = "Adam Hilger" }
 @String{AddisonWesley = "Addison-Wesley" }
 @String{AllynBacon = "Allyn and Bacon" }
 @String{AMS = "American Mathematical Society" }
 @String{Birkhauser = "Birkha{\"u}ser" }
 @String{CambridgePress = "Cambridge University Press" }
 @String{Chelsea = "Chelsea" }
 @String{ClaredonPress = "Claredon Press" }
 @String{DoverPub = "Dover Publications" }
 @String{Eyolles = "Eyolles" }
 @String{HoltRinehartWinston = "Holt, Rinehart and Winston" }
 @String{Interscience = "Interscience" }
 @String{JohnsHopkinsPress = "The Johns Hopkins University Press" }
 @String{JohnWileySons = "John Wiley and Sons" }
 @String{Macmillan = "Macmillan" }
 @String{MathWorks = "The Math Works Inc." }
 @String{McGrawHill = "McGraw-Hill" }
 @String{NatBurStd = "National Bureau of Standards" }
 @String{NorthHolland = "North-Holland" }
 @String{OxfordPress = "Oxford University Press" }  %address Oxford or London?
 @String{PergamonPress = "Pergamon Press" }
 @String{PlenumPress = "Plenum Press" }
 @String{PrenticeHall = "Prentice-Hall" }
 @String{SIAMPub = "{SIAM} Publications" }
 @String{Springer = "Springer-Verlag" }
 @String{TexasPress = "University of Texas Press" }
 @String{VanNostrand = "Van Nostrand" }
 @String{WHFreeman = "W. H. Freeman and Co." }

@inproceedings{Erete2017EmpPart,
 author = {Erete, Sheena and Burrell, Jennifer O.},
 title = {Empowered Participation: How Citizens Use Technology in Local Governance},
 booktitle = {Proceedings of the 2017 CHI Conference on Human Factors in Computing Systems},
 series = {CHI '17},
 year = {2017},
 isbn = {978-1-4503-4655-9},
 location = {Denver, Colorado, USA},
 pages = {2307--2319},
 numpages = {13},
 url = {http://doi.acm.org.colorado.idm.oclc.org/10.1145/3025453.3025996},
 doi = {10.1145/3025453.3025996},
 acmid = {3025996},
 publisher = {ACM},
 address = {New York, NY, USA},
 keywords = {civic engagement, low income, participatory governance},
}

@article{Benjamin2018Policy,
author = {Lehn M. Benjamin and Amy Voida and Chris Bopp},
title = {Policy Fields, Data Systems, and the Performance of Nonprofit Human Service Organizations},
journal = {Human Service Organizations: Management, Leadership \& Governance},
pages = {1-20},
year  = {2018},
publisher = {Routledge},
doi = {10.1080/23303131.2017.1422072},
}

@article{Star1996Ecology,
  title={Steps Toward an Ecology of Infrastructure: Design and Access for Large Information spaces},
  author={Star, Susan Leigh and Ruhleder, Karen},
  journal={Information Systems Research},
  volume={7},
  number={1},
  pages={111--134},
  year={1996},
  publisher={INFORMS},
}

@inproceedings{Voida2017Currencies,
 author = {Voida, Amy and Harmon, Ellie and Weller, Willa and Thornsbury, Aubrey and Casale, Ariana and Vance, Samuel and Adams, Forrest and Hoffman, Zach and Schmidt, Alex and Grimley, Kevin and Cox, Luke and Neeley, Aubrey and Goodyear, Christopher},
 title = {Competing Currencies: Designing for Politics in Units of Measurement},
 booktitle = {Proceedings of the 2017 ACM Conference on Computer Supported Cooperative Work and Social Computing},
 series = {CSCW '17},
 year = {2017},
 isbn = {978-1-4503-4335-0},
 location = {Portland, Oregon, USA},
 pages = {847--860},
 numpages = {14},
 url = {http://doi.acm.org/10.1145/2998181.2998209},
 doi = {10.1145/2998181.2998209},
 acmid = {2998209},
 publisher = {ACM},
 address = {New York, NY, USA},
 keywords = {currency, food insecurity, food pantry, inventory},
} 

@article{Voida2011Shapeshifters,
 author = {Voida, Amy},
 title = {Shapeshifters in the Voluntary Sector: Exploring the Human-centered-computing Challenges of Nonprofit Organizations},
 journal = {interactions},
 issue_date = {November + December 2011},
 volume = {18},
 number = {6},
 month = nov,
 year = {2011},
 issn = {1072-5520},
 pages = {27--31},
 numpages = {5},
 doi = {10.1145/2029976.2029985},
 acmid = {2029985},
 publisher = {ACM},
 address = {New York, NY, USA},
}

@book{Bowker2000Sorting,
 author = {Bowker, Geoffrey C. and Star, Susan Leigh},
 title = {Sorting Things Out: Classification and Its Consequences},
 year = {2000},
 isbn = {0-262-52295-0},
 publisher = {MIT Press},
 address = {Cambridge, MA, USA},
} 

@article{Bowker2000Bio,
author = {Bowker, Geoffrey C.},
title = {Biodiversity Datadiversity},
journal = {Social Studies of Science},
volume = {30},
number = {5},
pages = {643-683},
year = {2000}
}

@inproceedings{Pine2015Politics,
 author = {Pine, Kathleen H. and Liboiron, Max},
 title = {The Politics of Measurement and Action},
 booktitle = {Proceedings of the 33rd Annual ACM Conference on Human Factors in Computing Systems},
 series = {CHI '15},
 year = {2015},
 isbn = {978-1-4503-3145-6},
 location = {Seoul, Republic of Korea},
 pages = {3147--3156},
 numpages = {10},
 url = {http://doi.acm.org/10.1145/2702123.2702298},
 doi = {10.1145/2702123.2702298},
 acmid = {2702298},
 publisher = {ACM},
 address = {New York, NY, USA},
 keywords = {data, evaluation, measurement, politics, quantification, science and technology studies},
} 

@inproceedings{Voida2011Homebrew,
 author = {Voida, Amy and Harmon, Ellie and Al-Ani, Ban},
 title = {Homebrew Databases: Complexities of Everyday Information Management in Nonprofit Organizations},
 booktitle = {Proceedings of the 2011 SIGCHI Conference on Human Factors in Computing Systems},
 series = {CHI '11},
 year = {2011},
 isbn = {978-1-4503-0228-9},
 location = {Vancouver, BC, Canada},
 pages = {915--924},
 numpages = {10},
 url = {http://doi.acm.org/10.1145/1978942.1979078},
 doi = {10.1145/1978942.1979078},
 acmid = {1979078},
 publisher = {ACM},
 address = {New York, NY, USA},
 keywords = {NPO, homebrew databases, information management, nonprofit, volunteer coordination, volunteer management.},
}

@inproceedings{Voida2012VolCoord,
 author = {Voida, Amy and Harmon, Ellie and Al-Ani, Ban},
 title = {Bridging Between Organizations and the Public: Volunteer Coordinators' Uneasy Relationship with Social Computing},
 booktitle = {Proceedings of the 2012 SIGCHI Conference on Human Factors in Computing Systems},
 series = {CHI '12},
 year = {2012},
 isbn = {978-1-4503-1015-4},
 location = {Austin, Texas, USA},
 pages = {1967--1976},
 numpages = {10},
 url = {http://doi.acm.org/10.1145/2207676.2208341},
 doi = {10.1145/2207676.2208341},
 acmid = {2208341},
 publisher = {ACM},
 address = {New York, NY, USA},
 keywords = {nonprofit, npo, social computing, volunteer coordination},
}

@inproceedings{Bopp2017DbD,
 author = {Bopp, Chris and Harmon, Ellie and Voida, Amy},
 title = {Disempowered by Data: Nonprofits, Social Enterprises, and the Consequences of Data-Driven Work},
 booktitle = {Proceedings of the 2017 CHI Conference on Human Factors in Computing Systems},
 series = {CHI '17},
 year = {2017},
 isbn = {978-1-4503-4655-9},
 location = {Denver, Colorado, USA},
 pages = {3608--3619},
 numpages = {12},
 url = {http://doi.acm.org/10.1145/3025453.3025694},
 doi = {10.1145/3025453.3025694},
 acmid = {3025694},
 publisher = {ACM},
 address = {New York, NY, USA},
 keywords = {accountability, data, metrics, mission-driven, monitoring and evaluation, nonprofit organization, social enterprise},
}

@inproceedings{Harmon2017Fictions,
 author = {Harmon, Ellie and Bopp, Chris and Voida, Amy},
 title = {The Design Fictions of Philanthropic {IT}: Stuck Between an Imperfect Present and an Impossible Future},
 booktitle = {Proceedings of the 2017 CHI Conference on Human Factors in Computing Systems},
 series = {CHI '17},
 year = {2017},
 isbn = {978-1-4503-4655-9},
 location = {Denver, Colorado, USA},
 pages = {7015--7028},
 numpages = {14},
 doi = {10.1145/3025453.3025650},
 acmid = {3025650},
 publisher = {ACM},
 address = {New York, NY, USA},
 keywords = {design fiction, discourse analysis, nonprofits, philanthropy},
}

@inproceedings{Stoll2010Interorg,
 author = {Stoll, Jennifer and Edwards, W. Keith and Mynatt, Elizabeth D.},
 title = {Interorganizational Coordination and Awareness in a Nonprofit Ecosystem},
 booktitle = {Proceedings of the 2010 ACM Conference on Computer Supported Cooperative Work},
 series = {CSCW '10},
 year = {2010},
 isbn = {978-1-60558-795-0},
 location = {Savannah, Georgia, USA},
 pages = {51--60},
 numpages = {10},
 doi = {10.1145/1718918.1718930},
 acmid = {1718930},
 publisher = {ACM},
 address = {New York, NY, USA},
 keywords = {awareness, collective action, interorganizational coordination, nonprofit organizations, social networks},
}

@inproceedings{Merkel2007NPOMethods,
 author = {Merkel, Cecelia and Farooq, Umer and Xiao, Lu and Ganoe, Craig and Rosson, Mary Beth and Carroll, John M.},
 title = {Managing Technology Use and Learning in Nonprofit Community Organizations: Methodological Challenges and Opportunities},
 booktitle = {Proceedings of the 2007 Symposium on Computer Human Interaction for the Management of Information Technology},
 series = {CHIMIT '07},
 year = {2007},
 isbn = {978-1-59593-635-6},
 location = {Cambridge, Massachusetts},
 articleno = {8},
 doi = {10.1145/1234772.1234783},
 acmid = {1234783},
 publisher = {ACM},
 address = {New York, NY, USA},
 keywords = {community computing, cooperative design, information technology management, participatory design},
}

@inproceedings{LeDantec2008Trenches,
 author = {Le Dantec, Christopher A. and Edwards, W. Keith},
 title = {The View from the Trenches: Organization, Power, and Technology at Two Nonprofit Homeless Outreach Centers},
 booktitle = {Proceedings of the 2008 ACM Conference on Computer Supported Cooperative Work},
 series = {CSCW '08},
 year = {2008},
 isbn = {978-1-60558-007-4},
 location = {San Diego, CA, USA},
 pages = {589--598},
 numpages = {10},
 url = {http://doi.acm.org/10.1145/1460563.1460656},
 doi = {10.1145/1460563.1460656},
 acmid = {1460656},
 publisher = {ACM},
 address = {New York, NY, USA},
 keywords = {cooperative work, field study, homeless, nonprofit},
}

@inproceedings{Edwards2010InfraProb,
 author = {Edwards, W. Keith and Newman, Mark W. and Poole, Erika Shehan},
 title = {The Infrastructure Problem in {HCI}},
 booktitle = {Proceedings of the SIGCHI Conference on Human Factors in Computing Systems},
 series = {CHI '10},
 year = {2010},
 isbn = {978-1-60558-929-9},
 location = {Atlanta, Georgia, USA},
 pages = {423--432},
 numpages = {10},
 url = {http://doi.acm.org/10.1145/1753326.1753390},
 doi = {10.1145/1753326.1753390},
 acmid = {1753390},
 publisher = {ACM},
 address = {New York, NY, USA},
 keywords = {human-centered design, infrastructure, toolkits},
} 

@inproceedings{Farnham2011FacetID,
 author = {Farnham, Shelly D. and Churchill, Elizabeth F.},
 title = {Faceted Identity, Faceted Lives: Social and Technical Issues with Being Yourself Online},
 booktitle = {Proceedings of the ACM 2011 Conference on Computer Supported Cooperative Work},
 series = {CSCW '11},
 year = {2011},
 isbn = {978-1-4503-0556-3},
 location = {Hangzhou, China},
 pages = {359--368},
 numpages = {10},
 url = {http://doi.acm.org/10.1145/1958824.1958880},
 doi = {10.1145/1958824.1958880},
 acmid = {1958880},
 publisher = {ACM},
 address = {New York, NY, USA},
 keywords = {boundaries, email, facebook, faceted identity, identity, roles, social media, social networks},
} 

@inproceedings{LeDantec2010Boundaries,
 author = {Le Dantec, Christopher A. and Edwards, W. Keith},
 title = {Across Boundaries of Influence and Accountability: The Multiple Scales of Public Sector Information Systems},
 booktitle = {Proceedings of the SIGCHI Conference on Human Factors in Computing Systems},
 series = {CHI '10},
 year = {2010},
 isbn = {978-1-60558-929-9},
 location = {Atlanta, Georgia, USA},
 pages = {113--122},
 numpages = {10},
 url = {http://doi.acm.org/10.1145/1753326.1753345},
 doi = {10.1145/1753326.1753345},
 acmid = {1753345},
 publisher = {ACM},
 address = {New York, NY, USA},
 keywords = {cooperative work, field study, organizational bound- aries, public sector},
} 

@inproceedings{Merkel2004PD,
 author = {Merkel, Cecelia B. and Xiao, Lu and Farooq, Umer and Ganoe, Craig H. and Lee, Roderick and Carroll, John M. and Rosson, Mary Beth},
 title = {Participatory Design in Community Computing Contexts: Tales from the Field},
 booktitle = {Proceedings of the Eighth Conference on Participatory Design: Artful Integration: Interweaving Media, Materials and Practices - Volume 1},
 series = {PDC 04},
 year = {2004},
 isbn = {1-58113-851-2},
 location = {Toronto, Ontario, Canada},
 pages = {1--10},
 numpages = {10},
 url = {http://doi.acm.org/10.1145/1011870.1011872},
 doi = {10.1145/1011870.1011872},
 acmid = {1011872},
 publisher = {ACM},
 address = {New York, NY, USA},
 keywords = {community computing, community information systems, participatory design, social impact},
} 

@article{Taylor2015AfterInt,
 author = {Taylor, Alex},
 title = {After Interaction},
 journal = {interactions},
 issue_date = {September-October 2015},
 volume = {22},
 number = {5},
 month = aug,
 year = {2015},
 issn = {1072-5520},
 pages = {48--53},
 numpages = {6},
 url = {http://doi.acm.org/10.1145/2809888},
 doi = {10.1145/2809888},
 acmid = {2809888},
 publisher = {ACM},
 address = {New York, NY, USA},
} 

@inproceedings{Verma2016DrillDown,
 author = {Verma, Nitya and Voida, Amy},
 title = {On Being Actionable: Mythologies of Business Intelligence and Disconnects in Drill Downs},
 booktitle = {Proceedings of the 19th International Conference on Supporting Group Work},
 series = {GROUP '16},
 year = {2016},
 isbn = {978-1-4503-4276-6},
 location = {Sanibel Island, Florida, USA},
 pages = {325--334},
 numpages = {10},
 url = {http://doi.acm.org/10.1145/2957276.2957283},
 doi = {10.1145/2957276.2957283},
 acmid = {2957283},
 publisher = {ACM},
 address = {New York, NY, USA},
 keywords = {big data, business intelligence, data analytics, mythology},
}

@inproceedings{Voida2014SharedValues,
 author = {Voida, Amy and Dombrowski, Lynn and Hayes, Gillian R. and Mazmanian, Melissa},
 title = {Shared Values/Conflicting Logics: Working Around e-Government Systems},
 booktitle = {Proceedings of the 32nd Annual ACM Conference on Human Factors in Computing Systems},
 series = {CHI '14},
 year = {2014},
 isbn = {978-1-4503-2473-1},
 location = {Toronto, Ontario, Canada},
 pages = {3583--3592},
 numpages = {10},
 url = {http://doi.acm.org/10.1145/2556288.2556971},
 doi = {10.1145/2556288.2556971},
 acmid = {2556971},
 publisher = {ACM},
 address = {New York, NY, USA},
 keywords = {e-government, social services, values},
} 

@article{Bates2016Journeys,
author = {Jo Bates and Yu-Wei Lin and Paula Goodale},
title ={Data journeys: Capturing the socio-material constitution of data objects and flows},
journal = {Big Data \& Society},
volume = {3},
number = {2},
year = {2016},
doi = {10.1177/2053951716654502},
}

@article{Burt2003NewTech,
author = {Eleanor Burt and John Taylor},
title ={New Technologies, Embedded Values, and Strategic Change: Evidence From the {U.K.} Voluntary Sector},
journal = {Nonprofit and Voluntary Sector Quarterly},
volume = {32},
number = {1},
pages = {115-127},
year = {2003},
doi = {10.1177/0899764002250009},
}

@article{Burt2000ICTs,
author = {Burt, Eleanor and Taylor, John},
title = {Information and Communication Technologies: Reshaping Voluntary Organizations?},
journal = {Nonprofit Management and Leadership},
volume = {11},
number = {2},
pages = {131-143},
doi = {10.1002/nml.11201},
year = {2000}
}

@article{Berg1997OfForms,
author = {Marc Berg},
title ={Of Forms, Containers, and the Electronic Medical Record: Some Tools for a Sociology of the Formal},
journal = {Science, Technology, \& Human Values},
volume = {22},
number = {4},
pages = {403-433},
year = {1997},
doi = {10.1177/016224399702200401},
}

@article{Benjamin2012FrontOut,
author = {Lehn M. Benjamin},
title ={Nonprofit Organizations and Outcome Measurement: From Tracking Program Activities to Focusing on Frontline Work},
journal = {American Journal of Evaluation},
volume = {33},
number = {3},
pages = {431-447},
year = {2012},
doi = {10.1177/1098214012440496},
}

@article{Benjamin2008Risk,
author = {Lehn M. Benjamin},
title ={Bearing More Risk for Results: Performance Accountability and Nonprofit Relational Work},
journal = {Administration \& Society},
volume = {39},
number = {8},
pages = {959-983},
year = {2008},
doi = {10.1177/0095399707309357},
}

@article{Carman2007Evaluation,
  title={Evaluation practice among community-based organizations: Research into the reality},
  author={Carman, Joanne G.},
  journal={American Journal of Evaluation},
  volume={28},
  number={1},
  pages={60--75},
  year={2007},
  publisher={Sage Publications Sage CA: Thousand Oaks, CA}
}

@article{Carnochan2014Performance,
  title={Performance measurement challenges in nonprofit human service organizations},
  author={Carnochan, Sarah and Samples, Mark and Myers, Michael and Austin, Michael J.},
  journal={Nonprofit and Voluntary Sector Quarterly},
  volume={43},
  number={6},
  pages={1014--1032},
  year={2014},
  publisher={SAGE Publications Sage CA: Los Angeles, CA}
}

@book{Corbin2014Basics,
  title={Basics of qualitative research: Techniques and procedures for developing grounded theory},
  author={Corbin, Juliet and Strauss, Anselm},
  year={2014},
  publisher={Sage Publications}
}

@article{DeWitte2015Street,
  title={Street-level strategies of child welfare social workers in Flanders: The use of electronic client records in practice},
  author={De Witte, Jasper and Declercq, Anja and Hermans, Koen},
  journal={British Journal of Social Work},
  volume={46},
  number={5},
  pages={1249--1265},
  year={2015},
  publisher={Oxford University Press}
}

@book{Ebrahim2003NGOs,
  title={NGOs and organizational change: Discourse, reporting, and learning},
  author={Ebrahim, Alnoor},
  year={2003},
  publisher={Cambridge University Press}
}

@book{Fuller2005Media,
  title={Media Ecologies: Materialist energies in Art and Technoculture},
  author={Fuller, Matthew},
  year={2005},
  publisher={MIT Press}
}

@article{Gronbjerg2001US,
  title={The US Nonprofit Human Service Sector: A Creeping Revolution},
  author={Gr{\o}nbjerg, Kirsten A},
  journal={Nonprofit and Voluntary Sector Quarterly},
  volume={30},
  number={2},
  pages={276--297},
  year={2001},
  publisher={Sage Publications Sage CA: Thousand Oaks, CA}
}

@article{Maxwell2016Data,
  title={Data and decision making: Same organization, different perceptions; different organizations, different perceptions},
  author={Maxwell, Nan L. and Rotz, Dana and Garcia, Christina},
  journal={American Journal of Evaluation},
  volume={37},
  number={4},
  pages={463--485},
  year={2016},
  publisher={SAGE Publications Sage CA: Los Angeles, CA}
}

@article{McPhail1998Caveat,
  title={CAVEAT exemplar: Participatory design in a non-profit volunteer organisation},
  author={McPhail, Brenda and Costantino, Terry and Bruckmann, David and Barclay, Ross and Clement, Andrew},
  journal={Computer Supported Cooperative Work (CSCW)},
  volume={7},
  number={3-4},
  pages={223--241},
  year={1998},
  publisher={Springer}
}

@article{Nafus2014Stuck,
  title={Stuck data, dead data, and disloyal data: The stops and starts in making numbers into social practices},
  author={Nafus, Dawn},
  journal={Distinktion: Scandinavian Journal of Social Theory},
  volume={15},
  number={2},
  pages={208--222},
  year={2014},
  publisher={Taylor \& Francis}
}

@book{Patton2002Qualitative,
 author = {Patton, Michael Quinn},
 title = {Qualitative Research and Evaluation Methods},
 year = {2006},
 publisher = {Sage},
} 

@book{Ragin2011Constructing,
  title={Constructing Social Science},
  author={Ragin, Charles C. and Amoroso, Lisa M.},
  year={2011},
  publisher={Thousand Oaks: Sage Publications}
}

@article{Schneider2016Know,
  title={Do we really know how many are homeless?: An analysis of the point-in-time homelessness count},
  author={Schneider, Monika and Brisson, Daniel and Burnes, Donald},
  journal={Families in Society},
  volume={97},
  number={4},
  pages={321--329},
  year={2016},
  publisher={SAGE Publications Sage CA: Los Angeles, CA}
}

@article{Schoech2010Interoperability,
  title={Interoperability and the future of human services},
  author={Schoech, Dick},
  journal={Journal of Technology in Human Services},
  volume={28},
  number={1-2},
  pages={7--22},
  year={2010},
  publisher={Taylor \& Francis}
}

@article{Sparks2010Broke,
  title={Broke not broken: Rights, privacy, and homelessness in Seattle},
  author={Sparks, Tony},
  journal={Urban Geography},
  volume={31},
  number={6},
  pages={842--862},
  year={2010},
  publisher={Taylor \& Francis}
}

@article{Star1999Ethnography,
  title={The ethnography of infrastructure},
  author={Star, Susan Leigh},
  journal={American behavioral scientist},
  volume={43},
  number={3},
  pages={377--391},
  year={1999},
  publisher={Sage Publications, Inc.}
}

@book{Verran2001Science,
  title={Science and an African Logic},
  author={Verran, Helen},
  year={2001},
  publisher={University of Chicago Press}
}

@incollection{Gitelman2013Intro,
  chapter={1},
  title={Introduction},
  author={Lisa Gitelman and Jackson, V.},
  booktitle={``Raw data" is an Oxymoron},
  editor = {Lisa Gitelman},
  pages={1--14},
  year={2013},
}

@incollection{Raley2013Dataveillance,
  chapter={7},
  title={Dataveillance and Countervailance},
  author={Raley, Rita},
  booktitle={``Raw data" is an Oxymoron},
  editor = {Lisa Gitelman},
  pages={121--146},
  year={2013},
}

@incollection{Ribes2013DataBite,
  chapter={8},
  title={Data Bite Man: The Work of Sustaining a Long-Term Study},
  author={David Ribes and Steven J. Jackson},
  booktitle={``Raw data" is an Oxymoron},
  editor = {Lisa Gitelman},
  pages={147--166},
  year={2013},
}

@online{Desilver2017Fed,
  author = {Drew DeSilver},
  title = {{What does the federal government spend your tax dollars on? Social insurance programs, mostly}},
  howpublished = {http://pewrsr.ch/2oUsg8h},
  year = {2017}, 
  urldate = {2017-04-04}
}

@article{Snibbe2006Drown,
  title={Drowning in Data},
  author={Alana Conner Snibbe},
  journal={Stanford Social Innovation Review},
  pages={38--45},
  year={2006},
}

@book{Dourish2017Stuff,
  title={The stuff of bits: An essay on the materialities of information},
  author={Dourish, Paul},
  year={2017},
  publisher={MIT Press}
}

@incollection{Dourish2012Media,
  title={Media as material: Information representations as material foundations for organizational practice},
  author={Dourish, Paul and Mazmanian, Melissa},
  booktitle={Perspectives on process organization studies: {H}ow matter matters: Objects, artifacts, and materiality in organization studies.},
  editor = {Carlile, Paul and Nicolini, Davide and Langley, Ann and Tsoukas, Haridmos},
  publisher = {Oxford University Press},
  location = {Oxford, UK},
  year={2012}
}

@article{Randall2011Distributed,
  title={Distributed ontology building as practical work},
  author={Randall, Dave and Procter, Rob and Lin, Yuwei and Poschen, Meik and Sharrock, Wes and Stevens, Robert},
  journal={International Journal of Human-Computer Studies},
  volume={69},
  number={4},
  pages={220--233},
  year={2011},
  publisher={Elsevier}
}

@incollection{Vertesi2019Affordances,
  title={From Affordances to Accomplishments PowerPoint and Excel at {NASA}},
  author={Vertesi, Janet},
  booktitle={DigitalSTS: A Field Guide for Science \& Technology Studies},
  editor={Vertesi, Janet and Ribes, David},
  pages={369-392},
  year={2019},
  publisher={Princeton University Press}
}

@article{Moller2011Layers,
  title={Layers in sorting practices: Sorting out patients with potential cancer},
  author={M{\o}ller, Naja Holten and Bj{\o}rn, Pernille},
  journal={Computer Supported Cooperative Work (CSCW)},
  volume={20},
  number={3},
  pages={123--153},
  year={2011},
  publisher={Springer}
}

@inproceedings{Borchorst2011You,
  title={``{You} probably shouldn't give them too much information''--Supporting Citizen-Government Collaboration},
  author={Borchorst, Nikolaj Gandrup and B{\o}dker, Susanne},
  booktitle={Proceedings of the 2011 European Conference on Computer Supported Cooperative Work},
  location = {Aarhus Denmark},
  pages={173--192},
  year={2011},
  organization={Springer}
}

@book{Manovich2002Language,
  title={The Language of New Media},
  author={Manovich, Lev},
  year={2002},
  publisher={MIT Press}
}

@incollection{Bietz2009Collaboration,
  title={Collaboration in metagenomics: Sequence databases and the organization of scientific work},
  author={Bietz, Matthew J. and Lee, Charlotte P.},
  booktitle={Proceedings of the 2009 European Conference on Computer Supported Cooperative Work},
  pages={243--262},
  year={2009},
  publisher={Springer}
}

@book{Hasenfeld1974Human,
  title={Human service organizations: A book of readings},
  author={Hasenfeld, Yeheskel and English, Richard A.},
  year={1974},
  publisher={Univ of Michigan Press}
}

@article{Halverson2002Activity,
  title={Activity theory and distributed cognition: Or what does {CSCW} need to DO with theories?},
  author={Halverson, Christine A.},
  journal={Computer Supported Cooperative Work (CSCW)},
  volume={11},
  number={1-2},
  pages={243--267},
  year={2002},
  publisher={Springer}
}

@article{Orlikowski2010Sociomateriality,
    author = {Orlikowski, Wanda J.},
    title = "{The sociomateriality of organisational life: considering technology in management research}",
    journal = {Cambridge Journal of Economics},
    volume = {34},
    number = {1},
    pages = {125-141},
    year = {2010},
    month = {1},
    abstract = "{Drawing on a specific scenario from a contemporary workplace, I review some of the dominant ways that management scholars have addressed technology over the past five decades. I will demonstrate that while materiality is an integral aspect of organisational activity, it has either been ignored by management research or investigated through an ontology of separateness that cannot account for the multiple and dynamic ways in which the social and the material are constitutively entangled in everyday life. I will end by pointing to some possible alternative perspectives that may have the potential to help management scholars take seriously the distributed and complex sociomaterial configurations that form and perform contemporary organisations.}",
    issn = {0309-166X},
    doi = {10.1093/cje/bep058},
}

@book{Smith1993Contracting,
  title={Nonprofits for hire: The welfare state in the age of contracting},
  author={Smith, Steven Rathgeb and Lipsky, Michael},
  year={1993},
  publisher={Harvard University Press},
  address = {Cambridge, MA, USA},
}

@techreport{Pettijohn2013Urban,
  author={Pettijohn, Sarah L. and Boris, Elizabeth T.},
  title={Nonprofit-Government Contracts and Grants: Findings from the 2013 National Survey},
  institution={The Urban Institute},
  month={December},
  year={2013}
}

@article{Soss2011Discipline,
 ISSN = {10531858, 14779803},
 URL = {http://www.jstor.org/stable/25836107},
 author = {Joe Soss and Richard Fording and Sanford F. Schram},
 journal = {Journal of Public Administration Research and Theory: J-PART},
 pages = {i203--i232},
 publisher = {Oxford University Press},
 title = {The Organization of Discipline: From Performance Management to Perversity and Punishment},
 volume = {21},
 year = {2011}
}

@inproceedings{Troshynski2008Presence,
author = {Troshynski, Emily and Lee, Charlotte and Dourish, Paul},
title = {Accountabilities of Presence: Reframing Location-based Systems},
booktitle = {Proceedings of the SIGCHI Conference on Human Factors in Computing Systems},
series = {CHI '08},
year = {2008},
isbn = {978-1-60558-011-1},
location = {Florence, Italy},
pages = {487--496},
numpages = {10},
doi = {10.1145/1357054.1357133},
acmid = {1357133},
publisher = {ACM},
address = {New York, NY, USA},
keywords = {body, gps, location, mobility, parolees, privacy, space, time, ubiquitous computing},
}

@article{Martin2009Counting,
  title={Counting things and people: The practices and politics of counting},
  author={Martin, Aryn and Lynch, Michael},
  journal={Social Problems},
  volume={56},
  number={2},
  pages={243--266},
  year={2009},
  publisher={Oxford University Press Oxford, UK}
}

@book{Nelson2015Counts,
  title={Who Counts?: The Mathematics of Death and Life After Genocide},
  author={Nelson, Diane M.},
  year={2015},
  publisher={Duke University Press}
}

@book{Scott1998Seeing,
  title={Seeing Like a State: How certain schemes to improve the human condition have failed},
  author={Scott, James C.},
  year={1998},
  publisher={Yale University Press}
}

@book{Hasenfeld2010Orgs,
  title={Human services as complex organizations},
  editor={Hasenfeld, Yeheskel},
  year={2010},
  edition={2nd},
  publisher={Sage Publications},
  address={Thousand Oaks, CA}
}

@inproceedings{Bjorn2007Health,
author="Bj{\o}rn, Pernille
and Balka, Ellen",
editor="Bannon, Liam J.
and Wagner, Ina
and Gutwin, Carl
and Harper, Richard H. R.
and Schmidt, Kjeld",
title="Health care categories have politics too: Unpacking the managerial agendas of electronic triage systems",
booktitle="Proceedings of the 2007 European Conference on Computer Supported Cooperative Work",
year="2007",
publisher="Springer",
address="London",
pages="371--390",
isbn="978-1-84800-031-5"
}

@article{Mol2002Cutting,
  title={Cutting surgeons, walking patients: Some complexities involved in comparing},
  author={Mol, Annemarie},
  journal={Complexities: social studies of knowledge practices},
  editor={Law, J. and Mol, A.},
  pages={218--257},
  year={2002},
  address={Durham, NC},
  publisher={Duke University Press}
}

@article{Haskins2011Building,
  title={Building the connection between policy and evidence: The {Obama} evidence-based initiatives.},
  author={Haskins, Ron and Baron, Jon},
  editor={Puttick, R.},
  journal={Using Evidence to Improve Social Policy and Practice},
  pages={25--51},
  volume={25},
  year={2011},
  month={10},
  address={London, UK}
}

@article{Benjamin2008Account,
  title={Account space: How accountability requirements shape nonprofit practice},
  author={Benjamin, Lehn M.},
  journal={Nonprofit and Voluntary Sector Quarterly},
  volume={37},
  number={2},
  pages={201--223},
  year={2008},
  publisher={Sage Publications},
  address={Los Angeles, CA},
  doi={10.1177/0899764007301288}
}

@book{Cutt2000Accountability,
  title={Accountability and Effectiveness Evaluation in Nonprofit Organizations},
  author={Cutt, James and Murray, Vic},
  year={2000},
  publisher={Routledge}
}

@article{Stoecker2007Research,
  title={Research practices and needs of non-profit organizations in an Urban Center},
  author={Stoecker, Randy},
  journal={Journal Social \& Social Welfare},
  volume={34},
  pages={97},
  year={2007},
}

@article{MacIndoe2013Shape,
author = {Heather MacIndoe and Emily Barman},
title ={How Organizational Stakeholders Shape Performance Measurement in Nonprofits: Exploring a Multidimensional Measure},
journal = {Nonprofit and Voluntary Sector Quarterly},
volume = {42},
number = {4},
pages = {716-738},
year = {2013},
doi = {10.1177/0899764012444351},
URL = {https://doi.org/10.1177/0899764012444351}
}

@inproceedings{Pine2015Politics,
 author = {Pine, Kathleen H. and Liboiron, Max},
 title = {The Politics of Measurement and Action},
 booktitle = {Proceedings of the Conference on Human Factors in Computing Systems},
 series = {CHI '15},
 year = {2015},
 isbn = {978-1-4503-3145-6},
 location = {Seoul, Republic of Korea},
 pages = {3147--3156},
 numpages = {10},
 url = {http://doi.acm.org/10.1145/2702123.2702298},
 doi = {10.1145/2702123.2702298},
 acmid = {2702298},
 publisher = {ACM},
 address = {New York, NY, USA},
 keywords = {data, evaluation, measurement, politics, quantification, science and technology studies},
} 

@article{Bopp2019Primary,
 author = {Bopp, Chris and Benjamin, Lehn and Voida, Amy},
 title = {The Coerciveness of the Primary Key: Infrastructure Problems in Human Services Work},
 journal = {Proceedings of the ACM: Human Computer Interaction},
 year = {2019},
 volume = {3},
 number = {CSCW},
 article = {51},
 publisher = {ACM},
 address = {New York, NY, USA},
} 

@book{Haggerty2006New,
  title={The New Politics of Surveillance and Visibility},
  author={Haggerty, Kevin D and Ericson, Richard V},
  year={2006},
  publisher={University of Toronto Press}
}

@article{Schwalbe2004HS,
  title={Re-visioning Risk Assessment for Human Service Decision Making},
  author={Schwalbe, Craig},
  journal={Children and Youth Services Review},
  volume={26},
  number={6},
  pages={561--576},
  year={2004},
  publisher={Elsevier}
}

@inproceedings{Erete2016Storytelling,
 author = {Erete, Sheena and Ryou, Emily and Smith, Geoff and Fassett, Khristina Marie and Duda, Sarah},
 title = {Storytelling with Data: Examining the Use of Data by Non-Profit Organizations},
 booktitle = {Proceedings of the Conference on Computer-Supported Cooperative Work \& Social Computing},
 series = {CSCW '16},
 year = {2016},
 isbn = {978-1-4503-3592-8},
 location = {San Francisco, California, USA},
 pages = {1273--1283},
 numpages = {11},
 url = {http://doi.acm.org/10.1145/2818048.2820068},
 doi = {10.1145/2818048.2820068},
 acmid = {2820068},
 publisher = {ACM},
 address = {New York, NY, USA},
 keywords = {NPOs, Non-Profit Organizations, open data, storytelling},
} 

@inproceedings{Merkel2007Learning,
 author = {Merkel, Cecelia and Farooq, Umer and Xiao, Lu and Ganoe, Craig and Rosson, Mary Beth and Carroll, John M.},
 title = {Managing Technology Use and Learning in Nonprofit Community Organizations: Methodological Challenges and Opportunities},
 booktitle = {Proceedings of the Symposium on Computer Human Interaction for the Management of Information Technology},
 series = {CHIMIT '07},
 year = {2007},
 isbn = {978-1-59593-635-6},
 location = {Cambridge, Massachusetts},
 articleno = {8},
 url = {http://doi.acm.org/10.1145/1234772.1234783},
 doi = {10.1145/1234772.1234783},
 acmid = {1234783},
 publisher = {ACM},
 address = {New York, NY, USA},
 keywords = {community computing, cooperative design, information technology management, participatory design},
} 

@article{Boyd2012Critical,
  title={Critical Questions for Big Data: Provocations for a cultural, technological, and scholarly phenomenon},
  author={boyd, Danah and Crawford, Kate},
  journal={Information, communication \& Society},
  volume={15},
  number={5},
  pages={662--679},
  year={2012},
  publisher={Taylor \& Francis}
}

@article{Brynjolfsson2011Strength,
  title={Strength in numbers: How does data-driven decision making affect firm performance?},
  author={Brynjolfsson, Erik and Hitt, Lorin M and Kim, Heekyung Hellen},
  journal={Available at SSRN 1819486},
  year={2011}
}

@article{Dombrowski2014Government,
  title={E-government intermediaries and the challenges of access and trust},
  author={Dombrowski, Lynn and Hayes, Gillian R and Mazmanian, Melissa and Voida, Amy},
  journal={ACM Transactions on Computer-Human Interaction (TOCHI)},
  volume={21},
  number={2},
  pages={13},
  year={2014},
  publisher={ACM}
}

@article{Grudin1994Groupware,
 author = {Grudin, Jonathan},
 title = {Groupware and Social Dynamics: Eight Challenges for Developers},
 year = {1994},
 issue_date = {January 1994},
 publisher = {Association for Computing Machinery},
 address = {New York, NY, USA},
 volume = {37},
 number = {1},
 issn = {0001-0782},
 url = {https://doi.org/10.1145/175222.175230},
 doi = {10.1145/175222.175230},
 journal = {Commun. ACM},
 month = jan,
 pages = {92–105},
 numpages = {14},
 keywords = {computer-supported cooperative work groupware}
}

@inproceedings{Harmon2013Stories,
 author = {Harmon, Ellie and Mazmanian, Melissa},
 title = {Stories of the Smartphone in Everyday Discourse: Conflict, Tension & Instability},
 year = {2013},
 isbn = {9781450318990},
 publisher = {Association for Computing Machinery},
 address = {New York, NY, USA},
 url = {https://doi.org/10.1145/2470654.2466134},
 doi = {10.1145/2470654.2466134},
 booktitle = {Proceedings of the SIGCHI Conference on Human Factors in Computing Systems},
 pages = {1051–1060},
 numpages = {10},
 keywords = {smartphones, values and design, cultural discourse},
 location = {Paris, France},
 series = {CHI ’13}
}

@article{Kitchin2014Big,
  title={Big Data, new epistemologies and paradigm shifts},
  author={Kitchin, Rob},
  journal={Big data \& society},
  volume={1},
  number={1},
  pages={2053951714528481},
  year={2014},
  publisher={SAGE Publications Sage UK: London, England}
}

@article{Kohavi2002Trends,
 author = {Kohavi, Ron and Rothleder, Neal J. and Simoudis, Evangelos},
 title = {Emerging Trends in Business Analytics},
 year = {2002},
 issue_date = {August 2002},
 publisher = {Association for Computing Machinery},
 address = {New York, NY, USA},
 volume = {45},
 number = {8},
 issn = {0001-0782},
 url = {https://doi.org/10.1145/545151.545177},
 doi = {10.1145/545151.545177},
 journal = {Commun. ACM},
 month = aug,
 pages = {45–48},
 numpages = {4}
}

@article{Kvasny2011Government,
  title={e-Government services for faith-based organizations: Bridging the organizational divide},
  author={Kvasny, Lynette and Lee, Roderick},
  journal={Government Information Quarterly},
  volume={28},
  number={1},
  pages={66--73},
  year={2011},
  publisher={Elsevier}
}

@article{Lavalle2011Big,
  title={Big data, analytics and the path from insights to value},
  author={LaValle, Steve and Lesser, Eric and Shockley, Rebecca and Hopkins, Michael S and Kruschwitz, Nina},
  journal={MIT Sloan Management Review},
  volume={52},
  number={2},
  pages={21--32},
  year={2011}
}

@article{Leroux2010Does,
  title={Does performance measurement improve strategic decision making? Findings from a national survey of nonprofit social service agencies},
  author={LeRoux, Kelly and Wright, Nathaniel S},
  journal={Nonprofit and Voluntary Sector Quarterly},
  volume={39},
  number={4},
  pages={571--587},
  year={2010},
  publisher={Sage Publications Sage CA: Los Angeles, CA}
}

@article{Moore2000Managing,
  title={Managing for value: Organizational strategy in for-profit, nonprofit, and governmental organizations},
  author={Moore, Mark H},
  journal={Nonprofit and voluntary sector quarterly},
  volume={29},
  number={1\_suppl},
  pages={183--204},
  year={2000},
  publisher={Sage Publications Sage CA: Thousand Oaks, CA}
}

@article{Piccoli2008Profit,
  title={Profit from Customer Data by Identifying Strategic Opportunities and Adopting the ``Born Digital" Approach.},
  author={Piccoli, Gabriele and Watson, Richard T},
  journal={MIS Quarterly Executive},
  volume={7},
  number={3},
  year={2008}
}

@article{Pine2015Emerging,
  title={Emerging insights on building infrastructure for data-driven transparency and accountability of organizations},
  author={Pine, Kathleen and Mazmanian, Melissa},
  journal={iConference 2015 Proceedings},
  year={2015},
  publisher={iSchools}
}

@book{Power1997Audit,
  title={The audit society: Rituals of verification},
  author={Power, Michael},
  year={1997},
  publisher={Oxford University Press}
}

@article{Pentland2000Auditors,
  title={Will auditors take over the world? Program, technique and the verification of everything},
  author={Pentland, Brian T},
  journal={Accounting, Organizations and Society},
  volume={25},
  number={3},
  pages={307--312},
  year={2000},
  publisher={Pergamon}
}

@book{Porter1995Trust,
  title={Trust in numbers: The pursuit of objectivity in science and public life},
  author={Porter, Theodore M},
  year={1995},
  publisher={Princeton University Press}
}

@article{Schneider2003Small,
  title={Small, minority-based nonprofits in the information age},
  author={Schneider, Jo Anne},
  journal={Nonprofit Management and Leadership},
  volume={13},
  number={4},
  pages={383--399},
  year={2003},
  publisher={Wiley Online Library}
}

@article{Tuck2009Suspending,
  title={Suspending damage: A letter to communities},
  author={Tuck, Eve},
  journal={Harvard Educational Review},
  volume={79},
  number={3},
  pages={409--428},
  year={2009},
  publisher={Harvard Education Publishing Group}
}

@inproceedings{Voida2013Turbulence,
 author = {Voida, Amy and Olson, Judith S. and Olson, Gary M.},
 title = {Turbulence in the Clouds: Challenges of Cloud-Based Information Work},
 year = {2013},
 isbn = {9781450318990},
 publisher = {Association for Computing Machinery},
 address = {New York, NY, USA},
 url = {https://doi.org/10.1145/2470654.2481313},
 doi = {10.1145/2470654.2481313},
 booktitle = {Proceedings of the SIGCHI Conference on Human Factors in Computing Systems},
 pages = {2273–2282},
 numpages = {10},
 keywords = {information work, cloud computing, digital identifiers, information management},
 location = {Paris, France},
 series = {CHI ’13}
}

@article{Watson2007Current,
  title={The current state of business intelligence},
  author={Watson, Hugh J and Wixom, Barbara H},
  journal={Computer},
  volume={40},
  number={9},
  pages={96--99},
  year={2007},
  publisher={IEEE}
}

@article{Benjamin2014Programs,
  title={Programs Aren’t Everything},
  author={Benjamin, L. M. and Campbell, D. C.},
  journal={Stanford Social Innovation Review},
  volume={12},
  number={2},
  pages={42--47},
  year={2014}
}

@online{Brynjolfsson2011Boom,
  author = {Brynjolfsson, E., and McAfee, A.},
  publisher = {The Atlantic},
  title = {The Big Data Boom is the Innovation Story of Our Time},
  howpublished = {http://www.theatlantic.com/business/archive/2011/11/the-big-data-boom-is-the-innovation-story-of-our-time/248215/},
  year = {2011}
}

@incollection{Kirschenbaum2002Org,
  title={The organizational divide},
  author={Kirschenbaum, J and Kunamneni, R},
  booktitle={Bridging the digital divide: Technology, community, and public policy},
  editor = {Servon, L},
  pages={177−-198},
  year={2002},
  publisher={Blackwell Publishing}
}

@book{Lincoln1985Naturalistic,
  author={Yvonna Lincoln and Egon Guba},
  year={1985},
  title={Naturalistic Inquiry},
  volume={75},
  publisher={Sage}
}

@online{Lohr2012Age,
  author = {Lohr, S},
  publisher = {The New York Times},
  title = {The age of big data},
  howpublished = {http://www.nytimes.com/2012/02/12/sunday-review/big-datas-impact-in-the-world.html},
  year = {2012}
}

@incollection{Manovich2011Trending,
  title={Trending: the promises and challenges of big social data},
  author={Manovich, L},
  booktitle={Debates in the Digital Humanities},
  editor = {M.K. Gold},
  year={2011},
  publisher={The University of Minnesota Press}
}

@book{Morgan1997Images,
  author = {Morgan, G. and Gregory, F. and Roach, C.},
  year={1997},
  title={Images of organization},
  publisher={Sage Publications},
  location={Thousand Oaks, Calif}
}

@incollection{Muller2014Grounded,
  title={Curiosity, Creativity, and Surprise as Analytic Tools: Grounded Theory Method},
  author={Muller, M.},
  booktitle={Ways of Knowing in {HCI}},
  pages={25--48},
  year={2014},
  publisher={Springer New York}
}

@article{Punathambekar2015Debating,
  title={Debating Big Data},
  author={Punathambekar, A. and Kavada, A.},
  journal={Media, Culture \& Society},
  volume={37},
  number={7},
  pages={1076--1077},
  year={2015}
}

@article{Bopp2019Voices,
author = {Bopp, Chris and Voida, Amy},
title = {Voices of the Social Sector: A Systematic Review of Stakeholder Voice in {HCI} Research with Nonprofit Organizations},
year = {2020},
issue_date = {March 2020},
publisher = {Association for Computing Machinery},
address = {New York, NY, USA},
volume = {27},
number = {2},
issn = {1073-0516},
url = {https://doi.org/10.1145/3368368},
doi = {10.1145/3368368},
journal = {ACM Trans. Comput.-Hum. Interact.},
month = mar,
articleno = {9},
numpages = {26},
keywords = {nonprofits, social good, NGOs, systematic review, disciplinary reflexivity, Charities}
}

@incollection{Salamon2002Governance,
  chapter={1},
  title={The New Governance and the Tools of Public Action: An Introduction},
  author={Salamon, L. M.},
  booktitle={The Tools of Government: A Guide to the New Governance},
  editor = {Salamon, L. M.},
  publisher={Oxford University Press},
  location={Oxford},
  year={2002},
}

@article{Arnove2007Revisiting,
  title={Revisiting the “big three” foundations},
  author={Arnove, Robert and Pinede, Nadine},
  journal={Critical Sociology},
  volume={33},
  number={3},
  pages={389--425},
  year={2007},
  publisher={Sage Publications Sage UK: London, England}
}

@article{Behrens2009Shadow,
 author = {Behrens, Sandy},
 title = {Shadow Systems: The Good, the Bad and the Ugly},
 year = {2009},
 issue_date = {February 2009},
 publisher = {Association for Computing Machinery},
 address = {New York, NY, USA},
 volume = {52},
 number = {2},
 issn = {0001-0782},
 url = {https://doi.org/10.1145/1461928.1461960},
 doi = {10.1145/1461928.1461960},
 journal = {Commun. ACM},
 month = feb,
 pages = {124–129},
 numpages = {6}
}

@article{Benjamin2015Agency,
  title={Nonprofit performance: Accounting for the agency of clients},
  author={Benjamin, Lehn M and Campbell, David C},
  journal={Nonprofit and Voluntary Sector Quarterly},
  volume={44},
  number={5},
  pages={988--1006},
  year={2015},
  publisher={SAGE Publications Sage CA: Los Angeles, CA}
}

@book{Bowker2005Memory,
  title={Memory practices in the sciences},
  author={Bowker, Geoffrey C},
  year={2005},
  publisher={MIT Press},
  location={Cambridge, MA}
}

@article{Carrilio2007Using,
  title={Using client information systems in practice settings: Factors affecting social workers' use of information systems},
  author={Carrilio, Terry E},
  journal={Journal of Technology in Human Services},
  volume={25},
  number={4},
  pages={41--62},
  year={2007},
  publisher={Taylor \& Francis}
}

@incollection{Greenbaum1993Small,
  title={Small Changes: Starting a Participatory Design Process by Giving Participants a Voice},
  author={Greenbaum, Joan and Madsen, Kim Halskov},
  booktitle={Participatory Design: Principles and Practices},
  editor={Douglas Schuler and Aki Namioka},
  year={1993},
  pages={289--298},
  publisher={Lawrence Erlbaum Associates: Hillsdale, New Jersey}
}

@article{Hoybye2016Performance,
  title={Performance information in human service organizations: Quality and usefulness},
  author={H{\o}ybye-Mortensen, Matilde},
  journal={Human Service Organizations: Management, Leadership \& Governance},
  volume={40},
  number={5},
  pages={486--499},
  year={2016},
  publisher={Taylor \& Francis}
}

@online{EffectiveAltruismIntro,
  publisher = {Effective Altruism},
  title = {Introduction to Effective Altruism},
  url = {effectivealtruism.org/articles/introduction-to-effective-altruism},
  year = {n.d.},
  howpublished = {http://effectivealtruism.org/articles/introduction-to-effective-altruism}
}

@article{Kania2011Collective,
  title={Collective Impact},
  author={Kania, J. and Kramer, M.},
  journal={Stanford Social Innovation Review},
  volume={9},
  number={1},
  pages={36--41},
  year={2011},
}

@book{Latour2005ANT,
  title={Reassembling the social: An introduction to actor-network-theory},
  author={Bruno Latour},
  year={2005},
  publisher={Oxford University Press},
}

@article{Lynch2011Moving,
  title={Moving from outputs to outcomes: A review of the evolution of performance measurement in the human service nonprofit sector},
  author={Lynch-Cerullo, Kristen and Cooney, Kate},
  journal={Administration in Social Work},
  volume={35},
  number={4},
  pages={364--388},
  year={2011},
  publisher={Taylor \& Francis}
}

@inproceedings{MacLeod2016ARC,
  title={Asynchronous remote communities (arc) for researching distributed populations},
  author={MacLeod, Haley and Jelen, Ben and Prabhakar, Annu and Oehlberg, Lora and Siek, Katie and Connelly, Kay},
  booktitle={Proceedings of the 10th EAI International Conference on Pervasive Computing Technologies for Healthcare},
  pages={1--8},
  year={2016},
}

@inproceedings{Maestre2018ARC,
 author = {Maestre, Juan F. and MacLeod, Haley and Connelly, Ciabhan L. and Dunbar, Julia C. and Beck, Jordan and Siek, Katie A. and Shih, Patrick C.},
 title = {Defining Through Expansion: Conducting Asynchronous Remote Communities (ARC) Research with Stigmatized Groups},
 year = {2018},
 isbn = {9781450356206},
 publisher = {Association for Computing Machinery},
 address = {New York, NY, USA},
 url = {https://doi.org/10.1145/3173574.3174131},
 doi = {10.1145/3173574.3174131},
 booktitle = {Proceedings of the 2018 CHI Conference on Human Factors in Computing Systems},
 articleno = {Paper 557},
 numpages = {13},
 keywords = {remote populations, research methods, facebook, hiv, stigma},
 location = {Montreal QC, Canada},
 series = {CHI ’18}
}

@inproceedings{Marshall2016Accountable,
 author = {Marshall, Matthew and Kirk, David S. and Vines, John},
 title = {Accountable: Exploring the Inadequacies of Transparent Financial Practice in the Non-Profit Sector},
 year = {2016},
 isbn = {9781450333627},
 publisher = {Association for Computing Machinery},
 address = {New York, NY, USA},
 url = {https://doi.org/10.1145/2858036.2858301},
 doi = {10.1145/2858036.2858301},
 booktitle = {Proceedings of the 2016 CHI Conference on Human Factors in Computing Systems},
 pages = {1620–1631},
 numpages = {12},
 keywords = {accounting, transparency, finance, advocacy},
 location = {San Jose, California, USA},
 series = {CHI ’16}
}

@book{Jungk1987Future,
  title={Future Workshops: How to create desirable futures},
  author={Jungk, Robert and M{\"u}llert, Norbert},
  year={1987},
  publisher={Inst. for Social Inventions},
  location={London}
}

@incollection{Sealander2003Curing,
  title={Curing evils at their source: the arrival of scientific giving},
  author={Sealander, J},
  booktitle={Charity, Philanthropy, and Civility in American History},
  editor={Lawrence Friedman and Mark McGarvie},
  year={2003},
  pages={217--239},
}

@inproceedings{Bardzell2011Feminist,
 author = {Bardzell, Shaowen and Bardzell, Jeffrey},
 title = {Towards a Feminist {HCI} Methodology: Social Science, Feminism, and {HCI}},
 year = {2011},
 isbn = {9781450302289},
 publisher = {Association for Computing Machinery},
 address = {New York, NY, USA},
 url = {https://doi.org/10.1145/1978942.1979041},
 doi = {10.1145/1978942.1979041},
 booktitle = {Proceedings of the SIGCHI Conference on Human Factors in Computing Systems},
 pages = {675–684},
 numpages = {10},
 keywords = {philosophy of science, design, post-positivism, methodology, feminism, theory, feminist hci, user research},
 location = {Vancouver, BC, Canada},
 series = {CHI ’11}
}

@incollection{Muller2012PD,
  chapter = {49},
  title = {Participatory Design: The Third Space in Human-Computer Interaction},
  author = {Michael J. Muller and Allison Druin},
  booktitle = {The Human-Computer Interaction Handbook},
  edition = {3rd},
  editor = {Julie A. Jacko},
  pages = {1125--1154},
  year = {2012},
  publisher = {Taylor \& Francis},
  address = {Boca Raton, FL, US},
}

@incollection{Suchman1997Centers,
  title={Centers of Coordination: A Case and Some Themes},
  author={Suchman, Lucy},
  booktitle={Discourse, Tools and Reasoning},
  pages={41--62},
  year={1997},
  editor = {Resnick L.B., Säljö R., Pontecorvo C., Burge B.},
  publisher={Springer}
}

@article{Gad2009Situated,
  title={Situated Surveillance: an ethnographic study of fisheries inspection in {Denmark}},
  author={Gad, Christopher and Lauritsen, Peter},
  journal={Surveillance \& Society},
  volume={7},
  number={1},
  pages={49--57},
  year={2009}
}

@book{Foucault1977Discipline,
  title={Discipline and Punish: The birth of the prison},
  author={Foucault, Michel},
  year={1977},
  publisher={Pantheon Books}
}

@inproceedings{Irani2013Turk,
  title={Turkopticon: Interrupting Worker Invisibility in {Amazon Mechanical Turk}},
  author={Irani, Lilly C and Silberman, M Six},
  booktitle={Proceedings of the 2013 CHI Conference on Human Factors in Computing Systems},
  pages={611--620},
  year={2013}
}

@inproceedings{Veeraraghavan2013Pan,
author = {Veeraraghavan, Rajesh},
title = {Dealing with the Digital Panopticon: The Use and Subversion of {ICT} in an Indian Bureaucracy},
year = {2013},
isbn = {9781450319065},
publisher = {Association for Computing Machinery},
address = {New York, NY, USA},
url = {https://doi.org/10.1145/2516604.2516631},
doi = {10.1145/2516604.2516631},
booktitle = {Proceedings of the Sixth International Conference on Information and Communication Technologies and Development: Full Papers - Volume 1},
pages = {248–255},
numpages = {8},
keywords = {governance, corruption, surveillance, India},
location = {Cape Town, South Africa},
series = {ICTD ’13}
}

@inproceedings{Ikonen2010OSS,
author = {Ikonen, Heli and Iivari, Netta and Hedberg, Henrik},
title = {Controlling the Use of Collaboration Tools in Open Source Software Development},
year = {2010},
isbn = {9781605589343},
publisher = {Association for Computing Machinery},
address = {New York, NY, USA},
url = {https://doi.org/10.1145/1868914.1868944},
doi = {10.1145/1868914.1868944},
booktitle = {Proceedings of the 6th Nordic Conference on Human-Computer Interaction: Extending Boundaries},
pages = {236–245},
numpages = {10},
keywords = {collaboration tools, control, open source software},
location = {Reykjavik, Iceland},
series = {NordiCHI ’10}
}

@inproceedings{Boesen2010Domestic,
author = {Boesen, Julie and Rode, Jennifer A. and Mancini, Clara},
title = {The Domestic Panopticon: Location Tracking in Families},
year = {2010},
isbn = {9781605588438},
publisher = {Association for Computing Machinery},
address = {New York, NY, USA},
url = {https://doi.org/10.1145/1864349.1864382},
doi = {10.1145/1864349.1864382},
booktitle = {Proceedings of the 12th ACM International Conference on Ubiquitous Computing},
pages = {65–74},
numpages = {10},
keywords = {location-based services, tracking family, privacy, security, LBT, home, location-based technologies, LBS, gender},
location = {Copenhagen, Denmark},
series = {UbiComp ’10}
}

  
@inproceedings{Rodger2016Mobility,
author = {Rodger, Sunil and Vines, John and McLaughlin, Janice},
title = {Technology and the Politics of Mobility: Evidence Generation in Accessible Transport Activism},
year = {2016},
isbn = {9781450333627},
publisher = {Association for Computing Machinery},
address = {New York, NY, USA},
url = {https://doi.org/10.1145/2858036.2858146},
doi = {10.1145/2858036.2858146},
booktitle = {Proceedings of the 2016 CHI Conference on Human Factors in Computing Systems},
pages = {2417–2429},
numpages = {13},
keywords = {accessible transport, activism, evidence, disability, participation},
location = {San Jose, California, USA},
series = {CHI ’16}
}

  
@inproceedings{LeDantec2011Publics,
author = {Le Dantec, Christopher A. and Farrell, Robert G. and Christensen, Jim E. and Bailey, Mark and Ellis, Jason B. and Kellogg, Wendy A. and Edwards, W. Keith},
title = {Publics in Practice: Ubiquitous Computing at a Shelter for Homeless Mothers},
year = {2011},
isbn = {9781450302289},
publisher = {Association for Computing Machinery},
address = {New York, NY, USA},
url = {https://doi.org/10.1145/1978942.1979189},
doi = {10.1145/1978942.1979189},
booktitle = {Proceedings of the SIGCHI Conference on Human Factors in Computing Systems},
pages = {1687–1696},
numpages = {10},
keywords = {urban computing, constructed publics, homeless, qualitative methods, longitudinal study},
location = {Vancouver, BC, Canada},
series = {CHI ’11}
}

@inproceedings{LeDantec2008Dignity,
author = {Le Dantec, Christopher A. and Edwards, W. Keith},
title = {Designs on Dignity: Perceptions of Technology among the Homeless},
year = {2008},
isbn = {9781605580111},
publisher = {Association for Computing Machinery},
address = {New York, NY, USA},
url = {https://doi.org/10.1145/1357054.1357155},
doi = {10.1145/1357054.1357155},
booktitle = {Proceedings of the SIGCHI Conference on Human Factors in Computing Systems},
pages = {627–636},
numpages = {10},
keywords = {social computing, urban computing, value sensitive design, at-risk populations, diary study, homeless},
location = {Florence, Italy},
series = {CHI ’08}
}

@inproceedings{Dombrowski2013Network,
author = {Dombrowski, Lynn and Brubaker, Jed R. and Hirano, Sen H. and Mazmanian, Melissa and Hayes, Gillian R.},
title = {It Takes a Network to Get Dinner: Designing Location-Based Systems to Address Local Food Needs},
year = {2013},
isbn = {9781450317702},
publisher = {Association for Computing Machinery},
address = {New York, NY, USA},
url = {https://doi.org/10.1145/2493432.2493493},
doi = {10.1145/2493432.2493493},
booktitle = {Proceedings of the 2013 ACM International Joint Conference on Pervasive and Ubiquitous Computing},
pages = {519–528},
numpages = {10},
keywords = {hunger, cooperative design, design, location-based technologies, food access, nonprofit organizations, food insecurity},
location = {Zurich, Switzerland},
series = {UbiComp ’13}
}

@inproceedings{Snow2016Building,
author = {Snow, Stephen and Vyas, Dhaval and Lyle, Peter and Mallett, Miranda and Brereton, Margot},
title = {Building Connections: Technology Design for Living on a Low Income},
year = {2016},
isbn = {9781450341363},
publisher = {Association for Computing Machinery},
address = {New York, NY, USA},
url = {https://doi.org/10.1145/2948076.2948091},
doi = {10.1145/2948076.2948091},
booktitle = {Proceedings of the 14th Participatory Design Conference: Short Papers, Interactive Exhibitions, Workshops - Volume 2},
pages = {1–4},
numpages = {4},
keywords = {low income, welfare, finances, food relief, workshop},
location = {Aarhus, Denmark},
series = {PDC ’16}
}

@inproceedings{Vyas2015Food,
author = {Vyas, Dhaval and Snow, Stephen and Mallett, Miranda},
title = {More than Just Food: Field Visits to an Emergency Relief Centre},
year = {2015},
isbn = {9781450336734},
publisher = {Association for Computing Machinery},
address = {New York, NY, USA},
url = {https://doi.org/10.1145/2838739.2838787},
doi = {10.1145/2838739.2838787},
booktitle = {Proceedings of the Annual Meeting of the Australian Special Interest Group for Computer Human Interaction},
pages = {662–666},
numpages = {5},
keywords = {HCI, Design, Emergency Relief, Financial Hardship},
location = {Parkville, VIC, Australia},
series = {OzCHI ’15}
}

@inproceedings{Lee2017Algo,
author = {Lee, Min Kyung and Kim, Ji Tae and Lizarondo, Leah},
title = {A Human-Centered Approach to Algorithmic Services: Considerations for Fair and Motivating Smart Community Service Management That Allocates Donations to Non-Profit Organizations},
year = {2017},
isbn = {9781450346559},
publisher = {Association for Computing Machinery},
address = {New York, NY, USA},
url = {https://doi.org/10.1145/3025453.3025884},
doi = {10.1145/3025453.3025884},
booktitle = {Proceedings of the 2017 CHI Conference on Human Factors in Computing Systems},
pages = {3365–3376},
numpages = {12},
keywords = {community service, donation, fairness, motivation, allocation, automation, algorithmic services, service design},
location = {Denver, Colorado, USA},
series = {CHI ’17}
}

@book{Eller2013Public,
  title={Public Administration Research Methods},
  author={Eller, Warren S. and Gerber, Brian J. and Robinson, Scott E.},
  year={2013},
  publisher={Routledge}
}

@article{Star2010Boundary,
author = {Susan Leigh Star},
title ={This is Not a Boundary Object: Reflections on the Origin of a Concept},
journal = {Science, Technology, \& Human Values},
volume = {35},
number = {5},
pages = {601-617},
year = {2010},
doi = {10.1177/0162243910377624},

URL = { 
        https://doi.org/10.1177/0162243910377624
    
},
eprint = { 
        https://doi.org/10.1177/0162243910377624
    
}
}

@article{Star1989Ecology,
author = {Susan Leigh Star and James R. Griesemer},
title ={Institutional Ecology, `Translations' and Boundary Objects: Amateurs and Professionals in Berkeley's Museum of Vertebrate Zoology, 1907-39},
journal = {Social Studies of Science},
volume = {19},
number = {3},
pages = {387-420},
year = {1989},
doi = {10.1177/030631289019003001},

URL = { 
        https://doi.org/10.1177/030631289019003001
    
},
eprint = { 
        https://doi.org/10.1177/030631289019003001
    
}
}

@article{Bossen2019Health,
author = {Claus Bossen and Kathleen H Pine and Federico Cabitza and Gunnar Ellingsen and Enrico Maria Piras},
title ={Data work in healthcare: An Introduction},
journal = {Health Informatics Journal},
volume = {25},
number = {3},
pages = {465-474},
year = {2019},
doi = {10.1177/1460458219864730},
    note ={PMID: 31405353},

URL = { 
        https://doi.org/10.1177/1460458219864730
    
},
eprint = { 
        https://doi.org/10.1177/1460458219864730
    
}

}


@article{Israel1998CBR,
author = {Israel, Barbara A. and Schulz, Amy J. and Parker, Edith A. and Becker, Adam B.},
title = {Review of Community-Based Research: Assessing Partnership Approaches to Improve Public Health},
journal = {Annual Review of Public Health},
volume = {19},
number = {1},
pages = {173-202},
year = {1998},
doi = {10.1146/annurev.publhealth.19.1.173},
    note ={PMID: 9611617},

URL = { 
        https://doi.org/10.1146/annurev.publhealth.19.1.173
    
},
eprint = { 
        https://doi.org/10.1146/annurev.publhealth.19.1.173
    
}
}

@incollection{Thomas2016Outcome,
  chapter={16},
  title={Outcome Assessment and Program Evaluation},
  author={John Clayton Thomas},
  booktitle={The Jossey-Bass Handbook of Nonprofit Leadership and Management},
  editor = {Renz, David O. and Herman, Robert D.},
  pages={444--474},
  year={2016},
}

@book{Bryson1995Strategic,
  title={Strategic Planning for Public and Nonprofit Organizations: A Guide to Strengthening and Sustaining Organizational Achievement},
  author={Bryson, John M.},
  year={1995},
  publisher={Jossey-Bass}
}

@article{Marsden2002EgoSocio,
title = "Egocentric and sociocentric measures of network centrality",
journal = "Social Networks",
volume = "24",
number = "4",
pages = "407 - 422",
year = "2002",
issn = "0378-8733",
doi = "https://doi.org/10.1016/S0378-8733(02)00016-3",
url = "http://www.sciencedirect.com/science/article/pii/S0378873302000163",
author = "Peter V Marsden",
keywords = "Centrality, Egocentric networks, Betweenness"
}

@incollection{Brest2020Outcomes,
  chapter={16},
  title={The Outcomes Movement in Philanthropy and the Nonprofit Sector},
  author={Paul Brest},
  booktitle={The Nonprofit Sector: A Research Handbook},
  edition={3rd},
  editor = {Walter W. Powell and Patricia Bromley},
  pages={381--408},
  year={2020},
}

@incollection{Hall2006History,
  chapter={2},
  title={A Historical Overview of Philanthropy, Voluntary Associations, and Nonprofit Organizations in the
United States, 1600-2000},
  author={Peter Dobkin Hall},
  booktitle={The Nonprofit Sector: A Research Handbook},
  edition={2nd},
  editor = {Walter W. Powell and Richard Steinberg},
  pages={32--65},
  year={2006},
}